@book {hairer,
    AUTHOR = {Hairer, Ernst and Lubich, Christian and Wanner, Gerhard},
     TITLE = {Geometric numerical integration},
    SERIES = {Springer Series in Computational Mathematics},
    VOLUME = {31},
   EDITION = {Second},
      NOTE = {Structure-preserving algorithms for ordinary differential
              equations},
 PUBLISHER = {Springer-Verlag, Berlin},
      YEAR = {2006},
     PAGES = {xviii+644},
      ISBN = {3-540-30663-3; 978-3-540-30663-4},
}
@ARTICLE{1964henonheiles,
       author = {{Henon}, Michel and {Heiles}, Carl},
        title = "{The applicability of the third integral of motion: Some numerical experiments}",
      journal = {\aj},
         year = 1964,
        month = feb,
       volume = {69},
        pages = {73},
          doi = {10.1086/109234},
       adsurl = {https://ui.adsabs.harvard.edu/abs/1964AJ.....69...73H},
      adsnote = {Provided by the SAO/NASA Astrophysics Data System}
}
@misc{wikipedia,
  author = {Wikipedia},
  title = {Hénon–Heiles system},
  adsurl = {https://en.wikipedia.org/wiki/H%C3%A9non%E2%80%93Heiles_system},
}
